<?xml version="1.0" encoding="UTF-8"?><collection xmlns="http://www.loc.gov/MARC21/slim"><record><leader>00332nam--2200109-i-4500</leader><controlfield tag="001">000002070</controlfield><controlfield tag="002">20161230</controlfield><controlfield tag="005">20161230201024</controlfield><controlfield tag="008">060222s1000------------r-----000-0-eng-d</controlfield><datafield ind1=" " ind2=" " tag="245"><subfield code="a">Glasinstrumentenkunde. lehrbriefe fur glastechnisches wissen und fortbildung</subfield></datafield><datafield ind1=" " ind2=" " tag="260"><subfield code="a">Weimar, Verlag  Glas Und Apparat , 1937. 90 P. 47 Fig</subfield></datafield><datafield ind1=" " ind2=" " tag="852"><subfield code="a">839</subfield></datafield></record></collection>